@book{taflove1995computational,
  title={Computational Electrodynamics: The Finite-difference Time-domain Method},
  author={Taflove, A.},
  isbn={9780890067925},
  lccn={95015008},
  series={Antennas and Propagation Library},
  url={http://books.google.co.uk/books?id=viVRAAAAMAAJ},
  year={1995},
  publisher={Artech House}
}

@article{busch2011discontinuous,
  title="Discontinuous {G}alerkin methods in nanophotonics",
  author={Busch, Kurt and K{\"o}nig, Michael and Niegemann, Jens},
  journal={Laser \& Photonics Reviews},
  volume={5},
  number={6},
  pages={773--809},
  year={2011},
  publisher={Wiley Online Library}
}

@article{sevilla2014use,
  title={The use of hybrid meshes to improve the efficiency of a discontinuous Galerkin method for the solution of Maxwellâ€™s equations},
  author={Sevilla, Ruben and Hassan, Oubay and Morgan, Kenneth},
  journal={Computers \& Structures},
  volume={137},
  pages={2--13},
  year={2014},
  publisher={Elsevier}
}

@book{hesthaven2007nodal,
  title={Nodal discontinuous Galerkin methods: algorithms, analysis, and applications},
  author={Hesthaven, Jan S and Warburton, Tim},
  volume={54},
  year={2007},
  publisher={Springer Science \& Business Media}
}

@book{pozar2006microwave,
  title={Microwave Engineering, 4th Edition},
  author={Pozar, David M},
  isbn={9780470631553},
  year={2011},
  publisher={John Wiley \& Sons}
}

@article{Mandelshtam1997,
   author = "Mandelshtam, Vladimir A. and Taylor, Howard S.",
   title = "Harmonic inversion of time signals and its applications",
   journal = "The Journal of Chemical Physics",
   year = "1997",
   volume = "107",
   number = "17", 
   pages = "6756-6769",
   url = "http://scitation.aip.org/content/aip/journal/jcp/107/17/10.1063/1.475324",
   doi = "http://dx.doi.org/10.1063/1.475324" 
}

